\begin{filecontents}{\Literaturverzeichnis.bib}

@article{refart:FAOFW,
    author={FAO},
    title={Food wastage: Key facts and figures},
    journal={fao.org},
    note={\url{https://www.fao.org/news/story/en/item/196402/icode/}, Accessed 18th May 2022.},
    urldate={2021-10-31},
    year={2013},
}

@article{refart:FAO17,
    author={FAO},
    title={17% of total food available to consumers in 2019 was wasted},
    journal={fao.org},
    note={\url{https://www.fao.org/food-loss-reduction/news/detail/en/c/1378973/}, Accessed 18th May 2022},
    year={2022},
}

@article{refart:AAHWH,
    author={AAH},
    title={World Hunger: Key Facts and Statistics 2022},
    journal={actionagainsthunger.org},
    note={\url{https://www.actionagainsthunger.org/world-hunger-facts-statistics}, Accessed 18th May 2022.},
    year={2022},
}

@article{refart:UNSP,
    author={UN},
    title={Stop Food Loss and waste, for the people, for the panet},
    journal={un.org},
    note={\url{https://www.un.org/en/observances/end-food-waste-day}, Accessed 18th May 2022.},
    year={2022},
}

@book{refbook:DSHC,
    title={Designing Software Architectures: A Practical Approach},
    author={Humberto Cervantes and Rick Kazman},
    year={2016},
    publisher={Pearson Education},
    address={Boston},
}

@misc{refonline:EFAD,
    author={Erik Franzen and Marie Sophie Thoms},
    title={Architectural Drivers in Modern Software Architecture},
    year={2020},
    note={\url{https://medium.com/@janerikfra/architectural-drivers-in-modern-software-architecture-cb7a42527bf2}, Accessed 18th May 2022.},
    urldate = {2020-07-3}
}

@Inbook{refinbook:Baresi2009,
    author={Luciano Baresi},
    title={{Activity Diagrams}},
    bookTitle={{Encyclopedia of Database Systems}},
    year={2009},
    publisher={Springer US},
    address={Boston, MA},
    pages={41--45},
    isbn={978-0-387-39940-9},
    doi={10.1007/978-0-387-39940-9_9},
    note={\url{https://doi.org/10.1007/978-0-387-39940-9_9}, Accessed 26th May 2022.},
}

@ARTICLE{refart:KR41,  
    author={Kruchten, P.B.},  
    journal={IEEE Software},   
    title={{The 4+1 View Model of architecture}},  
    year={1995},  
    volume={12},  
    number={6},  
    pages={42-50},  
    doi={10.1109/52.469759},
    note={\url{https://doi.org/10.1109/52.469759}, Accessed 18th May 2022.},
}

@misc{refonline:IBMCD,
    author={IBM},
    title={{What is Class Diagram?}},
    year={2004},
    note={\url{https://developer.ibm.com/articles/the-class-diagram/}, Accessed 18th May 2022.},
    urldate = {2020-07-3}
}

@misc{refonline:VPGI,
    author={Vilmate},
    title={Payment gateway integration in a mobile application},
    year={2019},
    note={\url{https://vilmate.com/blog/payment-gateway-integration-in-a-mobile-application/}, Accessed 31st may 2022.},
    urldate = {2020-07-3}
}

@article{refart:YWRUS,
    author={Yashwant Waykar},
    year={2015},
    month={01},
    pages={},
    title={role of use case diagram in software development},
    journal={International Journal of Management and Economics}
}

@misc{refonline:MRFL,
    author={Mark Robinson},
    title={What Does Federated Login Mean? A Simple, Detailed Answer.},
    year={2019},
    note={\url{https://carvesystems.com/news/what-does-federated-login-mean-a-simple-detailed-answer/}. Accessed 1st June 2022.},
    urldate = {2019-01-19}
}


@misc{refonline:SPDLOAD,
    author={{SPD LOAD}},
    title={How Much Does It Cost to Develop an App in 2022? Cost Breakdown},
    year={2019},
    note={\url{https://carvesystems.com/news/what-does-federated-login-mean-a-simple-detailed-answer/}. Accessed 1st June 2022.},
    urldate = {2019-01-19}
}


https://www.un.org/en/observances/end-food-waste-day


\end{filecontents}